@online{owasp1,
    title = {OWASP Internet of Things},
    year = {2020},
    url = {https://owasp.org/www-project-internet-of-things/},
    urldate = {2021-05-24}
}